% This file was created with JabRef 2.10b2.
% Encoding: UTF-8


@Article{Avdeev:1997vx,
  Title                    = {{Renormalizations in softly broken SUSY gauge theories}},
  Author                   = {Avdeev, L. V. and Kazakov, D. I. and Kondrashuk, I. N.},
  Journal                  = {Nucl. Phys.},
  Year                     = {1998},
  Pages                    = {289-312},
  Volume                   = {B510},

  Archiveprefix            = {arXiv},
  Doi                      = {10.1016/S0550-3213(98)81015-8, 10.1016/S0550-3213(97)00706-2},
  Eprint                   = {hep-ph/9709397},
  Primaryclass             = {hep-ph},
  Slaccitation             = {%%CITATION = HEP-PH/9709397;%%}
}

@Book{ballentine1998quantum,
  Title                    = {Quantum Mechanics: A Modern Development},
  Author                   = {Ballentine, L.E.},
  Publisher                = {World Scientific},
  Year                     = {1998},

  ISBN                     = {9789810241056},
  Lccn                     = {98012768},
  Owner                    = {enrique},
  Timestamp                = {2015.10.21},
  Url                      = {https://books.google.com.mx/books?id=sHJRFHz1rYsC}
}

@Article{PhysRev.130.442,
  Title                    = {Construction of Invariant Scattering Amplitudes for Arbitrary Spins and Analytic Continuation in Total Angular Momentum},
  Author                   = {Barut, Asim O. and Muzinich, Ivan and Williams, David N.},
  Journal                  = {Phys. Rev.},
  Year                     = {1963},

  Month                    = {Apr},
  Pages                    = {442--457},
  Volume                   = {130},

  Doi                      = {10.1103/PhysRev.130.442},
  Issue                    = {1},
  Numpages                 = {0},
  Publisher                = {American Physical Society},
  Url                      = {http://link.aps.org/doi/10.1103/PhysRev.130.442}
}

@Article{Batalin:1981jr,
  Title                    = {{Gauge Algebra and Quantization}},
  Author                   = {Batalin, I. A. and Vilkovisky, G. A.},
  Journal                  = {Phys. Lett.},
  Year                     = {1981},
  Pages                    = {27-31},
  Volume                   = {B102},

  Doi                      = {10.1016/0370-2693(81)90205-7},
  Slaccitation             = {%%CITATION = PHLTA,B102,27;%%}
}

@Article{Becchi:1974xu,
  Title                    = {{The Abelian Higgs-Kibble Model. Unitarity of the S Operator}},
  Author                   = {Becchi, C. and Rouet, A. and Stora, R.},
  Journal                  = {Phys. Lett.},
  Year                     = {1974},
  Pages                    = {344},
  Volume                   = {B52},

  Doi                      = {10.1016/0370-2693(74)90058-6},
  Reportnumber             = {CPT-74/P.625-MARSEILLE},
  Slaccitation             = {%%CITATION = PHLTA,B52,344;%%}
}

@Article{Bern:2008qj,
  Title                    = {{New Relations for Gauge-Theory Amplitudes}},
  Author                   = {Bern, Z. and Carrasco, J. J. M. and Johansson, Henrik},
  Journal                  = {Phys. Rev.},
  Year                     = {2008},
  Pages                    = {085011},
  Volume                   = {D78},

  Archiveprefix            = {arXiv},
  Doi                      = {10.1103/PhysRevD.78.085011},
  Eprint                   = {0805.3993},
  Primaryclass             = {hep-ph},
  Reportnumber             = {UCLA-07-TEP-15},
  Slaccitation             = {%%CITATION = ARXIV:0805.3993;%%}
}

@Article{Buchbinder:2002gh,
  Title                    = {{New 4-D, N=1 superfield theory: Model of free massive superspin 3/2 multiplet}},
  Author                   = {Buchbinder, I.L. and Gates, S. James, Jr. and Linch, William Divine, III and Phillips, J.},
  Journal                  = {Phys.Lett.},
  Year                     = {2002},
  Pages                    = {280-288},
  Volume                   = {B535},

  Archiveprefix            = {arXiv},
  Doi                      = {10.1016/S0370-2693(02)01772-0},
  Eprint                   = {hep-th/0201096},
  Primaryclass             = {hep-th},
  Reportnumber             = {UMDEPP-02-031, CALT-68-2368},
  Slaccitation             = {%%CITATION = HEP-TH/0201096;%%}
}

@Article{Buchbinder:2002tt,
  Title                    = {{Dynamical superfield theory of free massive superspin-1 multiplet}},
  Author                   = {Buchbinder, I.L. and Gates, S. James, Jr. and Linch, William Divine, III and Phillips, J.},
  Journal                  = {Phys.Lett.},
  Year                     = {2002},
  Pages                    = {229-236},
  Volume                   = {B549},

  Archiveprefix            = {arXiv},
  Doi                      = {10.1016/S0370-2693(02)02860-5},
  Eprint                   = {hep-th/0207243},
  Owner                    = {enrique},
  Primaryclass             = {hep-th},
  Reportnumber             = {UMDEPP-03-003},
  Slaccitation             = {%%CITATION = HEP-TH/0207243;%%},
  Timestamp                = {2015.07.08}
}

@Article{Buchbinder:1995uq,
  Title                    = {{Ideas and Methods of Supersymmetry and Supergravity: Or a Walk Through Superspace}},
  Author                   = {Buchbinder, I.L. and Kuzenko, S.M.},
  Journal                  = {CRC Press},
  Year                     = {1995},

  Slaccitation             = {%%CITATION = INSPIRE-405415;%%}
}

@Article{Cachazo:2014fwa,
  Title                    = {{Evidence for a New Soft Graviton Theorem}},
  Author                   = {Cachazo, Freddy and Strominger, Andrew},
  Year                     = {2014},

  Archiveprefix            = {arXiv},
  Eprint                   = {1404.4091},
  Primaryclass             = {hep-th},
  Slaccitation             = {%%CITATION = ARXIV:1404.4091;%%}
}

@Article{Cartier:2002zp,
  Title                    = {{Supermanifolds: Application to supersymmetry}},
  Author                   = {Cartier, Pierre and DeWitt-Morette, Cecile and Ihl, Matthias and Saemann, Christian},
  Year                     = {2002},

  Archiveprefix            = {arXiv},
  Eprint                   = {math-ph/0202026},
  Primaryclass             = {math-ph},
  Slaccitation             = {%%CITATION = MATH-PH/0202026;%%}
}

@Article{Chan:1973iq,
  Title                    = {{CONFORMAL INVARIANCE AND HELICITY CONSERVATION}},
  Author                   = {Chan, F. and Jones, H. F.},
  Journal                  = {Phys. Rev.},
  Year                     = {1974},
  Pages                    = {1321},
  Volume                   = {D10},

  Doi                      = {10.1103/PhysRevD.10.1321},
  Reportnumber             = {ICTP/73/17},
  Slaccitation             = {%%CITATION = PHRVA,D10,1321;%%}
}

@Article{Constantinescu:2003vn,
  Title                    = {{Supersymmetric Kallen-Lehmann representation}},
  Author                   = {Constantinescu, Florin},
  Journal                  = {Annalen Phys.},
  Year                     = {2006},
  Pages                    = {861-867},
  Volume                   = {15},

  Archiveprefix            = {arXiv},
  Doi                      = {10.1002/andp.200510213},
  Eprint                   = {hep-th/0306019},
  Primaryclass             = {hep-th},
  Slaccitation             = {%%CITATION = HEP-TH/0306019;%%}
}

@Book{dewitt1992supermanifolds,
  Title                    = {Supermanifolds},
  Author                   = {DeWitt, B.},
  Publisher                = {Cambridge University Press},
  Year                     = {1992},
  Series                   = {Cambridge Monographs on Mathematical Physics},

  ISBN                     = {9780521423779},
  Lccn                     = {91011070},
  Owner                    = {enrique},
  Timestamp                = {2015.10.20},
  Url                      = {https://books.google.com.mx/books?id=0NinYnTQa-gC}
}

@Article{Dimopoulos:1981zb,
  Title                    = {{Softly Broken Supersymmetry and SU(5)}},
  Author                   = {Dimopoulos, S. and Georgi, H.},
  Journal                  = {Nucl.Phys.},
  Year                     = {1981},
  Pages                    = {150},
  Volume                   = {B193},

  Doi                      = {10.1016/0550-3213(81)90522-8},
  Reportnumber             = {HUTP-81/A022},
  Slaccitation             = {%%CITATION = NUPHA,B193,150;%%}
}

@Book{dirac2001lectures,
  Title                    = {Lectures on Quantum Mechanics},
  Author                   = {Dirac, P.A.M.},
  Publisher                = {Dover Publications},
  Year                     = {2001},
  Series                   = {Belfer Graduate School of Science, monograph series},

  ISBN                     = {9780486417134},
  Lccn                     = {00065608},
  Url                      = {https://books.google.com.mx/books?id=GVwzb1rZW9kC}
}

@Article{RevModPhys.21.392,
  Title                    = {Forms of Relativistic Dynamics},
  Author                   = {Dirac, P. A. M.},
  Journal                  = {Rev. Mod. Phys.},
  Year                     = {1949},

  Month                    = {Jul},
  Pages                    = {392--399},
  Volume                   = {21},

  Doi                      = {10.1103/RevModPhys.21.392},
  Issue                    = {3},
  Numpages                 = {0},
  Publisher                = {American Physical Society},
  Url                      = {http://link.aps.org/doi/10.1103/RevModPhys.21.392}
}

@InProceedings{Dixon:1996wi,
  Title                    = {{Calculating scattering amplitudes efficiently}},
  Author                   = {Dixon, Lance J.},
  Booktitle                = {{QCD and beyond. Proceedings, Theoretical Advanced Study Institute in Elementary Particle Physics, TASI-95, Boulder, USA, June 4-30, 1995}},
  Year                     = {1996},

  Archiveprefix            = {arXiv},
  Eprint                   = {hep-ph/9601359},
  Primaryclass             = {hep-ph},
  Reportnumber             = {SLAC-PUB-7106, C95-06-04.1},
  Slaccitation             = {%%CITATION = HEP-PH/9601359;%%},
  Url                      = {http://www-public.slac.stanford.edu/sciDoc/docMeta.aspx?slacPubNumber=SLAC-PUB-7106}
}

@Article{Dyson:1949ha,
  Title                    = {{The S matrix in quantum electrodynamics}},
  Author                   = {Dyson, F. J.},
  Journal                  = {Phys. Rev.},
  Year                     = {1949},
  Pages                    = {1736-1755},
  Volume                   = {75},

  Doi                      = {10.1103/PhysRev.75.1736},
  Slaccitation             = {%%CITATION = PHRVA,75,1736;%%}
}

@Book{feynman1965quantum,
  Title                    = {Quantum mechanics and path integrals},
  Author                   = {Feynman, R.P. and Hibbs, A.R.},
  Publisher                = {McGraw-Hill},
  Year                     = {1965},
  Series                   = {International series in pure and applied physics},

  Lccn                     = {lc64025171},
  Url                      = {https://books.google.com.mx/books?id=14ApAQAAMAAJ}
}

@Article{Gates:2001rn,
  Title                    = {{The Fundamental supersymmetry challenge remains}},
  Author                   = {Gates, S. James, Jr. and Linch, William Divine, III and Phillips, J. and Rana, L.},
  Journal                  = {Grav.Cosmol.},
  Year                     = {2002},
  Pages                    = {96-100},
  Volume                   = {8},

  Archiveprefix            = {arXiv},
  Eprint                   = {hep-th/0109109},
  Owner                    = {enrique},
  Primaryclass             = {hep-th},
  Reportnumber             = {UMDEPP-02-009},
  Slaccitation             = {%%CITATION = HEP-TH/0109109;%%},
  Timestamp                = {2015.07.14}
}

@Article{Gates:2013tka,
  Title                    = {{A dynamical theory for linearized massive superspin 3/2}},
  Author                   = {Gates, S. James., Jr. and Koutrolikos, Konstantinos},
  Journal                  = {JHEP},
  Year                     = {2014},
  Pages                    = {030},
  Volume                   = {1403},

  Archiveprefix            = {arXiv},
  Doi                      = {10.1007/JHEP03(2014)030},
  Eprint                   = {1310.7387},
  Owner                    = {enrique},
  Primaryclass             = {hep-th},
  Reportnumber             = {UMDEPP-013-017},
  Slaccitation             = {%%CITATION = ARXIV:1310.7387;%%},
  Timestamp                = {2015.07.08}
}

@Book{glimm1987quantum,
  Title                    = {Quantum Physics: A Functional Integral Point of View},
  Author                   = {Glimm, J. and Jaffe, A.},
  Publisher                = {Springer-Verlag},
  Year                     = {1987},

  ISBN                     = {9780387964775},
  Lccn                     = {lc86031418},
  Url                      = {https://books.google.com.mx/books?id=HxGfqiT8\_eAC}
}

@Article{Goldstone:1962es,
  Title                    = {{Broken Symmetries}},
  Author                   = {Goldstone, Jeffrey and Salam, Abdus and Weinberg, Steven},
  Journal                  = {Phys. Rev.},
  Year                     = {1962},
  Pages                    = {965-970},
  Volume                   = {127},

  Doi                      = {10.1103/PhysRev.127.965},
  Slaccitation             = {%%CITATION = PHRVA,127,965;%%}
}

@Article{Gregoire:2004ic,
  Title                    = {{Massive supergravity and deconstruction}},
  Author                   = {Gregoire, Thomas and Schwartz, Matthew D. and Shadmi, Yael},
  Journal                  = {JHEP},
  Year                     = {2004},
  Pages                    = {029},
  Volume                   = {0407},

  Archiveprefix            = {arXiv},
  Doi                      = {10.1088/1126-6708/2004/07/029},
  Eprint                   = {hep-th/0403224},
  Owner                    = {enrique},
  Primaryclass             = {hep-th},
  Reportnumber             = {CERN-PH-TH-2004-056, UCB-PTH-04-08, LBNL-54759},
  Slaccitation             = {%%CITATION = HEP-TH/0403224;%%},
  Timestamp                = {2015.04.14}
}

@Article{Grisaru:1979wc,
  Title                    = {{Improved Methods for Supergraphs}},
  Author                   = {Grisaru, M.T. and Siegel, W. and Rocek, M.},
  Journal                  = {Nucl.Phys.},
  Year                     = {1979},
  Pages                    = {429},
  Volume                   = {B159},

  Doi                      = {10.1016/0550-3213(79)90344-4},
  Reportnumber             = {PRINT-79-0485 (BRANDEIS)},
  Slaccitation             = {%%CITATION = NUPHA,B159,429;%%}
}

@Article{Grisaru:1976vm,
  Title                    = {{Supergravity and the S Matrix}},
  Author                   = {Grisaru, Marcus T. and Pendleton, H. N. and van Nieuwenhuizen, P.},
  Journal                  = {Phys. Rev.},
  Year                     = {1977},
  Pages                    = {996},
  Volume                   = {D15},

  Doi                      = {10.1103/PhysRevD.15.996},
  Owner                    = {enrique},
  Reportnumber             = {Print-76-0765 (BRANDEIS)},
  Slaccitation             = {%%CITATION = PHRVA,D15,996;%%},
  Timestamp                = {2015.07.17}
}

@Book{hall2003lie,
  Title                    = {Lie Groups, Lie Algebras, and Representations: An Elementary Introduction},
  Author                   = {Hall, B.},
  Publisher                = {Springer},
  Year                     = {2003},
  Series                   = {Graduate Texts in Mathematics},

  ISBN                     = {9780387401225},
  Lccn                     = {03054237},
  Url                      = {https://books.google.com.mx/books?id=m1VQi8HmEwcC}
}

@Book{hamermesh1962group,
  Title                    = {Group Theory and Its Application to Physical Problems},
  Author                   = {Hamermesh, M.},
  Publisher                = {Dover Publications},
  Year                     = {1962},
  Series                   = {Addison Wesley Series in Physics},

  ISBN                     = {9780486661810},
  Lccn                     = {89023257},
  Owner                    = {enrique},
  Timestamp                = {2015.10.21},
  Url                      = {https://books.google.com.mx/books?id=c0o9\_wlCzgcC}
}

@Article{He:2014laa,
  Title                    = {{BMS supertranslations and Weinberg’s soft graviton theorem}},
  Author                   = {He, Temple and Lysov, Vyacheslav and Mitra, Prahar and Strominger, Andrew},
  Journal                  = {JHEP},
  Year                     = {2015},
  Pages                    = {151},
  Volume                   = {05},

  Archiveprefix            = {arXiv},
  Doi                      = {10.1007/JHEP05(2015)151},
  Eprint                   = {1401.7026},
  Primaryclass             = {hep-th},
  Slaccitation             = {%%CITATION = ARXIV:1401.7026;%%}
}

@Article{'tHooft:1971rn,
  Title                    = {{Renormalizable Lagrangians for Massive Yang-Mills Fields}},
  Author                   = {'t Hooft, Gerard},
  Journal                  = {Nucl. Phys.},
  Year                     = {1971},
  Pages                    = {167-188},
  Volume                   = {B35},

  Doi                      = {10.1016/0550-3213(71)90139-8},
  Slaccitation             = {%%CITATION = NUPHA,B35,167;%%}
}

@Article{Jimenez:2014gfa,
  Title                    = {{$\mathcal N=1$ super Feynman rules for any superspin: Noncanonical SUSY}},
  Author                   = {Jim\'enez, Enrique},
  Journal                  = {Phys. Rev.},
  Year                     = {2015},
  Number                   = {8},
  Pages                    = {085013},
  Volume                   = {D92},

  Archiveprefix            = {arXiv},
  Doi                      = {10.1103/PhysRevD.92.085013},
  Eprint                   = {1410.6851},
  Primaryclass             = {hep-th},
  Slaccitation             = {%%CITATION = ARXIV:1410.6851;%%}
}

@Article{joos1962darstellungstheorie,
  Title                    = {Zur Darstellungstheorie der inhomogenen Lorentzgruppe als Grundlage quantenmechanischer Kinematik},
  Author                   = {Joos, Hans},
  Journal                  = {Fortschritte der Physik},
  Year                     = {1962},
  Number                   = {3},
  Pages                    = {65--146},
  Volume                   = {10},

  Publisher                = {Wiley Online Library}
}

@Article{Kallen:1952zz,
  Title                    = {{On the definition of the Renormalization Constants in Quantum Electrodynamics}},
  Author                   = {Kallen, Gunnar},
  Journal                  = {Helv. Phys. Acta},
  Year                     = {1952},
  Note                     = {[,509(1952)]},
  Number                   = {4},
  Pages                    = {417},
  Volume                   = {25},

  Doi                      = {10.1007/978-3-319-00627-7_90},
  Slaccitation             = {%%CITATION = HPACA,25,417;%%}
}

@Article{Kobayashi:1998jq,
  Title                    = {{Further all loop results in softly broken supersymmetric gauge theories}},
  Author                   = {Kobayashi, Tatsuo and Kubo, Jisuke and Zoupanos, George},
  Journal                  = {Phys. Lett.},
  Year                     = {1998},
  Pages                    = {291-299},
  Volume                   = {B427},

  Archiveprefix            = {arXiv},
  Doi                      = {10.1016/S0370-2693(98)00343-8},
  Eprint                   = {hep-ph/9802267},
  Primaryclass             = {hep-ph},
  Reportnumber             = {HIP-1998-06-TH, KANAZAWA-98-02},
  Slaccitation             = {%%CITATION = HEP-PH/9802267;%%}
}

@Article{Lehmann:1954,
  Title                    = {Über Eigenschaften von Ausbreitungsfunktionen und Renormierungskonstanten quantisierter Felder},
  Author                   = {Lehmann, H.},
  Journal                  = {Il Nuovo Cimento},
  Year                     = {1954},
  Number                   = {4},
  Pages                    = {342-357},
  Volume                   = {11},

  Doi                      = {10.1007/BF02783624},
  ISSN                     = {0029-6341},
  Language                 = {German},
  Publisher                = {Società Italiana di Fisica},
  Url                      = {http://dx.doi.org/10.1007/BF02783624}
}

@Article{Leroy:1986ve,
  Title                    = {{OPE IN SUPERSYMMETRIC SCALAR FIELD THEORIES}},
  Author                   = {Leroy, L.},
  Journal                  = {Phys. Lett.},
  Year                     = {1987},
  Pages                    = {97},
  Volume                   = {B187},

  Doi                      = {10.1016/0370-2693(87)90079-7},
  Reportnumber             = {UCL-IPT-86-24},
  Slaccitation             = {%%CITATION = PHLTA,B187,97;%%}
}

@Book{rogers2007supermanifolds,
  Title                    = {Supermanifolds: Theory and Applications},
  Author                   = {Rogers, F.A.},
  Publisher                = {World Scientific Publishing Company Pte Limited},
  Year                     = {2007},

  ISBN                     = {9789812708854},
  Owner                    = {enrique},
  Timestamp                = {2015.10.20},
  Url                      = {https://books.google.com.mx/books?id=itmfZTZCm\_MC}
}

@Article{Salam:1974jj,
  Title                    = {{On Superfields and Fermi-Bose Symmetry}},
  Author                   = {Salam, A. and Strathdee, J.A.},
  Journal                  = {Phys.Rev.},
  Year                     = {1975},
  Pages                    = {1521-1535},
  Volume                   = {D11},

  Doi                      = {10.1103/PhysRevD.11.1521},
  Reportnumber             = {IC/74/42},
  Slaccitation             = {%%CITATION = PHRVA,D11,1521;%%}
}

@Article{Salam:1974pp,
  Title                    = {{Feynman Rules for Superfields}},
  Author                   = {Salam, A. and Strathdee, J.A.},
  Journal                  = {Nucl.Phys.},
  Year                     = {1975},
  Pages                    = {142-152},
  Volume                   = {B86},

  Doi                      = {10.1016/0550-3213(75)90078-4},
  Reportnumber             = {IC/74/85},
  Slaccitation             = {%%CITATION = NUPHA,B86,142;%%}
}

@Article{Salam:1974yz,
  Title                    = {{Supergauge Transformations}},
  Author                   = {Salam, A. and Strathdee, J.A.},
  Journal                  = {Nucl.Phys.},
  Year                     = {1974},
  Pages                    = {477-482},
  Volume                   = {B76},

  Doi                      = {10.1016/0550-3213(74)90537-9},
  Reportnumber             = {IC/74/11},
  Slaccitation             = {%%CITATION = NUPHA,B76,477;%%}
}

@Article{Seiberg:1993vc,
  Title                    = {{Naturalness versus supersymmetric nonrenormalization theorems}},
  Author                   = {Seiberg, Nathan},
  Journal                  = {Phys. Lett.},
  Year                     = {1993},
  Pages                    = {469-475},
  Volume                   = {B318},

  Archiveprefix            = {arXiv},
  Doi                      = {10.1016/0370-2693(93)91541-T},
  Eprint                   = {hep-ph/9309335},
  Primaryclass             = {hep-ph},
  Reportnumber             = {RU-93-45},
  Slaccitation             = {%%CITATION = HEP-PH/9309335;%%}
}

@Article{Seiberg:1994rs,
  Title                    = {{Electric - magnetic duality, monopole condensation, and confinement in N=2 supersymmetric Yang-Mills theory}},
  Author                   = {Seiberg, N. and Witten, Edward},
  Journal                  = {Nucl. Phys.},
  Year                     = {1994},
  Note                     = {[Erratum: Nucl. Phys.B430,485(1994)]},
  Pages                    = {19-52},
  Volume                   = {B426},

  Archiveprefix            = {arXiv},
  Doi                      = {10.1016/0550-3213(94)90124-4},
  Eprint                   = {hep-th/9407087},
  Primaryclass             = {hep-th},
  Reportnumber             = {RU-94-52, IASSNS-HEP-94-43},
  Slaccitation             = {%%CITATION = HEP-TH/9407087;%%}
}

@Article{Siegel:1979ai,
  Title                    = {{Gauge Spinor Superfield as a Scalar Multiplet}},
  Author                   = {Siegel, Warren},
  Journal                  = {Phys.Lett.},
  Year                     = {1979},
  Pages                    = {333},
  Volume                   = {B85},

  Doi                      = {10.1016/0370-2693(79)91265-6},
  Reportnumber             = {PRINT-79-0350 (BRANDEIS)},
  Slaccitation             = {%%CITATION = PHLTA,B85,333;%%}
}

@Article{Srivastava:1974zn,
  Title                    = {{On a Generalized Supergauge Transformation and Superfields}},
  Author                   = {Srivastava, P. P.},
  Journal                  = {Lett.Nuovo Cim.},
  Year                     = {1975},
  Pages                    = {161},
  Volume                   = {12},

  Reportnumber             = {IC/74/74},
  Slaccitation             = {%%CITATION = NCLTA,12,161;%%}
}

@Article{Weinberg:2012cd,
  Title                    = {{Minimal fields of canonical dimensionality are free}},
  Author                   = {Weinberg, Steven},
  Journal                  = {Phys. Rev.},
  Year                     = {2012},
  Pages                    = {105015},
  Volume                   = {D86},

  Archiveprefix            = {arXiv},
  Doi                      = {10.1103/PhysRevD.86.105015},
  Eprint                   = {1210.3864},
  Primaryclass             = {hep-th},
  Reportnumber             = {UTTG-16-12},
  Slaccitation             = {%%CITATION = ARXIV:1210.3864;%%}
}

@Book{weinberg2012lectures,
  Title                    = {Lectures on Quantum Mechanics},
  Author                   = {Weinberg, S.},
  Publisher                = {Cambridge University Press},
  Year                     = {2012},

  ISBN                     = {9781107028722},
  Lccn                     = {2012030441},
  Url                      = {https://books.google.com.mx/books?id=WfTq2W\_LBlEC}
}

@Article{Weinberg:2000cr,
  Title                    = {{The Quantum Theory of Fields. Vol. 3: Supersymmetry}},
  Author                   = {Weinberg, S.},
  Journal                  = {Cambridge University Press},
  Year                     = {2000},

  Reportnumber             = {ISBN-9780521670555},
  Slaccitation             = {%%CITATION = ISBN-9780521670555 ETC.;%%}
}

@Book{weinberg1996quantum,
  Title                    = {The Quantum Theory of Fields},
  Author                   = {Weinberg, S.},
  Publisher                = {Cambridge University Press},
  Year                     = {1996},
  Number                   = {v. 2},
  Series                   = {The Quantum Theory of Fields 3 Volume Hardback Set},

  ISBN                     = {9780521550024},
  Lccn                     = {95002782},
  Url                      = {https://books.google.com.mx/books?id=sn9QvU5dmBQC}
}

@Article{Weinberg:1995mt,
  Title                    = {{The Quantum Theory of Fields. Vol. 1: Foundations}},
  Author                   = {Weinberg, S.},
  Journal                  = {Cambridge University Press},
  Year                     = {1995},

  Slaccitation             = {%%CITATION = INSPIRE-406190;%%}
}

@Article{Weinberg:1984vb,
  Title                    = {{Causality, Anti-particles and the Spin Statistics Connection in Higher Dimensions}},
  Author                   = {Weinberg, Steven},
  Journal                  = {Phys. Lett.},
  Year                     = {1984},
  Pages                    = {97},
  Volume                   = {B143},

  Doi                      = {10.1016/0370-2693(84)90812-8},
  Reportnumber             = {UTTG-10-84},
  Slaccitation             = {%%CITATION = PHLTA,B143,97;%%}
}

@Article{Weinberg:1969di,
  Title                    = {{Feynman Rules for Any Spin. III}},
  Author                   = {Weinberg, S.},
  Journal                  = {Phys.Rev.},
  Year                     = {1969},
  Pages                    = {1893-1899},
  Volume                   = {181},

  Doi                      = {10.1103/PhysRev.181.1893},
  Slaccitation             = {%%CITATION = PHRVA,181,1893;%%}
}

@Article{Weinberg:1965nx,
  Title                    = {{Infrared photons and gravitons}},
  Author                   = {Weinberg, Steven},
  Journal                  = {Phys. Rev.},
  Year                     = {1965},
  Pages                    = {B516-B524},
  Volume                   = {140},

  Doi                      = {10.1103/PhysRev.140.B516},
  Slaccitation             = {%%CITATION = PHRVA,140,B516;%%}
}

@Article{Weinberg:1965rz,
  Title                    = {{Photons and gravitons in perturbation theory: Derivation of Maxwell's and Einstein's equations}},
  Author                   = {Weinberg, Steven},
  Journal                  = {Phys. Rev.},
  Year                     = {1965},
  Pages                    = {B988-B1002},
  Volume                   = {138},

  Doi                      = {10.1103/PhysRev.138.B988},
  Slaccitation             = {%%CITATION = PHRVA,138,B988;%%}
}

@Article{Weinberg:1964cn,
  Title                    = {{Feynman Rules for Any Spin}},
  Author                   = {Weinberg, S.},
  Journal                  = {Phys.Rev.},
  Year                     = {1964},
  Pages                    = {B1318-B1332},
  Volume                   = {133},

  Doi                      = {10.1103/PhysRev.133.B1318},
  Slaccitation             = {%%CITATION = PHRVA,133,B1318;%%}
}

@Article{Weinberg:1964ev,
  Title                    = {{Feynman Rules for Any Spin. 2. Massless Particles}},
  Author                   = {Weinberg, S.},
  Journal                  = {Phys.Rev.},
  Year                     = {1964},
  Pages                    = {B882-B896},
  Volume                   = {134},

  Doi                      = {10.1103/PhysRev.134.B882},
  Slaccitation             = {%%CITATION = PHRVA,134,B882;%%}
}

@Book{julius1992supersymmetry,
  Title                    = {Supersymmetry and Supergravity},
  Author                   = {Julius Wess and Bagger, J.},
  Publisher                = {Princeton University Press},
  Year                     = {1992},
  Series                   = {Princeton series in physics},

  ISBN                     = {9780691025308},
  Lccn                     = {90026372},
  Url                      = {https://books.google.com/books?id=4QrQZ\_Rjq4UC}
}

@Article{Wess:1973kz,
  Title                    = {{A Lagrangian Model Invariant Under Supergauge Transformations}},
  Author                   = {Wess, J. and Zumino, B.},
  Journal                  = {Phys.Lett.},
  Year                     = {1974},
  Pages                    = {52},
  Volume                   = {B49},

  Doi                      = {10.1016/0370-2693(74)90578-4},
  Reportnumber             = {CERN-TH-1794},
  Slaccitation             = {%%CITATION = PHLTA,B49,52;%%}
}

@Article{PhysRev.132.2788,
  Title                    = {Cluster Decomposition Properties of the $S$ Matrix},
  Author                   = {Wichmann, Eyvind H. and Crichton, James H.},
  Journal                  = {Phys. Rev.},
  Year                     = {1963},

  Month                    = {Dec},
  Pages                    = {2788--2799},
  Volume                   = {132},

  Doi                      = {10.1103/PhysRev.132.2788},
  Issue                    = {6},
  Numpages                 = {0},
  Publisher                = {American Physical Society},
  Url                      = {http://link.aps.org/doi/10.1103/PhysRev.132.2788}
}

@Book{wigner2012group,
  Title                    = {Group Theory: And its Application to the Quantum Mechanics of Atomic Spectra},
  Author                   = {Wigner, E.},
  Publisher                = {Elsevier Science},
  Year                     = {2012},
  Series                   = {Pure and Applied Physics},

  ISBN                     = {9780323152785},
  Owner                    = {enrique},
  Timestamp                = {2015.10.21},
  Url                      = {https://books.google.com.mx/books?id=ENZzI49uZMcC}
}

@Article{Wigner:1939cj,
  Title                    = {{On Unitary Representations of the Inhomogeneous Lorentz Group}},
  Author                   = {Wigner, Eugene P.},
  Journal                  = {Annals Math.},
  Year                     = {1939},
  Note                     = {[Reprint: Nucl. Phys. Proc. Suppl.6,9(1989)]},
  Pages                    = {149-204},
  Volume                   = {40},

  Doi                      = {10.2307/1968551},
  Owner                    = {enrique},
  Slaccitation             = {%%CITATION = ANMAA,40,149;%%},
  Timestamp                = {2015.10.20}
}

@Article{Wilson:1969zs,
  Title                    = {{Nonlagrangian models of current algebra}},
  Author                   = {Wilson, Kenneth G.},
  Journal                  = {Phys. Rev.},
  Year                     = {1969},
  Pages                    = {1499-1512},
  Volume                   = {179},

  Doi                      = {10.1103/PhysRev.179.1499},
  Slaccitation             = {%%CITATION = PHRVA,179,1499;%%}
}

@Article{Witten:2012bg,
  Title                    = {{Notes On Supermanifolds and Integration}},
  Author                   = {Witten, Edward},
  Year                     = {2012},

  Archiveprefix            = {arXiv},
  Eprint                   = {1209.2199},
  Owner                    = {enrique},
  Primaryclass             = {hep-th},
  Slaccitation             = {%%CITATION = ARXIV:1209.2199;%%},
  Timestamp                = {2015.10.20}
}

@Article{Zinoviev:2007js,
  Title                    = {{Massive N=1 supermultiplets with arbitrary superspins}},
  Author                   = {Zinoviev, Yu.M.},
  Journal                  = {Nucl.Phys.},
  Year                     = {2007},
  Pages                    = {98-114},
  Volume                   = {B785},

  Archiveprefix            = {arXiv},
  Doi                      = {10.1016/j.nuclphysb.2007.06.008},
  Eprint                   = {0704.1535},
  Primaryclass             = {hep-th},
  Slaccitation             = {%%CITATION = ARXIV:0704.1535;%%}
}

